<?xml version="1.0" encoding="UTF-8"?><collection xmlns="http://www.loc.gov/MARC21/slim"><record><leader>00617nam--2200217-u-4500</leader><controlfield tag="001">000053767</controlfield><controlfield tag="002">20161230</controlfield><controlfield tag="005">20161230201051</controlfield><controlfield tag="008">110607s1000------------r-----000-0-rus-d</controlfield><datafield ind1=" " ind2=" " tag="040"><subfield code="a">IFIN-HH</subfield></datafield><datafield ind1=" " ind2=" " tag="041"><subfield code="a">rus</subfield></datafield><datafield ind1=" " ind2=" " tag="080"><subfield code="a">537:538</subfield></datafield><datafield ind1="1" ind2=" " tag="100"><subfield code="a">Faraday, Michael</subfield></datafield><datafield ind1="1" ind2="0" tag="245"><subfield code="a">Eksperimentalnie issledovania po elektricestvu</subfield><subfield code="c">Michael faraday</subfield></datafield><datafield ind1=" " ind2=" " tag="260"><subfield code="a">Moskva</subfield><subfield code="b">Akademii Nauk Sssr</subfield><subfield code="c">1947</subfield></datafield><datafield ind1=" " ind2=" " tag="300"><subfield code="a">2 VOL</subfield></datafield><datafield ind1=" " ind2=" " tag="490"><subfield code="a">Klassiki Nauki</subfield></datafield><datafield ind1=" " ind2=" " tag="500"><subfield code="a">Titlul Original In Limba Engleza: Experimental Researches In Electricity</subfield></datafield><datafield ind1=" " ind2=" " tag="787"><subfield code="a">Tom Ii</subfield><subfield code="h">538p</subfield></datafield><datafield ind1=" " ind2=" " tag="852"><subfield code="a">449</subfield><subfield code="c">537:538</subfield></datafield><datafield ind1=" " ind2=" " tag="CAT"><subfield code="a">Sys</subfield><subfield code="c">20110607</subfield><subfield code="h">120604</subfield></datafield></record></collection>